@book{egmo,
    author    = "Evan Chen",
    title     = "Euclidean Geometry in Mathematical Olympiads",
    publisher = "Mathematical Association of America",
    year      = 2016
}
@book{mont,
    author    = "Aditya Khurmia",
    title     = "Modern Olympiad Number Theory",
    year      = 2020
}