
@book{wangricardo,
    location = {Hackensack, New Jersey},
    title = {Competitive physics: mechanics and waves},
    isbn = {977-981-323-394-2},
    shorttitle = {Competitive physics},
    publisher = {World Scientific},
    author = {Wang, Jinhui and Ricardo, Bernand},
    date = {2018},
    langid = {english},
    keywords = {Competitions, Physics, Problems, exercises, etc},
}

@book{kleppner,
    title = {An Introduction to Mechanics},
    author = {Kolenkow, Robert and Kleppner, Daniel},
    date = {2014},
    langid = {english},
    publisher = {Cambridge University Press},
}
