@book{proveit,
    author    = "Daniel J. Velleman",
    title     = "How to Prove it, A Structured Approach, 2nd Edition",
    publisher = "Cambridge Press",
    year      = 2006
}
@book{axlerlin,
    title = {Linear Algebra Done Right},
    author = {Axler, Sheldon},
    langid = {english},
    year = 2024
}